%%% Bibtex file containing applied references


%%%%% ARTICLES %%%%%

@article{shogrenEtAl:2015,
title = {Relationships between self-determination and postschool outcomes for
                  youth with disabilities},
author = {Shogren, Karrie A. and Wehmeyer, Michael L. and Palmer, Susan B. and
                  Rifenbark, Graham G. and Little, Todd D.},
journal = {The Journal of Special Education},
pages = {256--267},
volume = {48},
number = {4},
year = {2015}
}

@article{wehmeyerEtAl:2011,
title = {A randomized-trial evaluation of the effect of {Whose Future is it
                  Anyway?} on self-determination},
author = {Wehmeyer, Michael L. and Palmer, Susan B. and Lee, Youngsun and
                  Williams-Diehm, Kendra and Shogren, Karrie},
journal = {Career Development for Exceptional Individuals},
volume = {34},
number = {1},
pages = {45--56},
year = {2011}
}

@article{wehmeyerEtAl:2013,
title = {Establishing a causal relationship between intervention to promote
                  self-determination and enhanced student self-determination},
author = {Wehmeyer, Michael L. and Palmer, Susan B. and Shogren, Karrie and
                  Williams-Diehm, Kendra and Soukup, Jane H.},
journal = {The Journal of Special Education},
pages = {195--210},
volume = {46},
number = {4},
year = {2013}
}


%%%%% CONFERENCE PROCEEDINGS %%%%%%


@inProceedings{langEtAl:2009,
author = {Lang, K. M. and Salter, P. S., and Adams, G.},
title = {What drives the relationship between conservatism and racism?
                  A mediation analysis},
booktitle = {Proceedings of the Annual Meeting of the {Southwestern
                  Psychological Association}},
year = {2009},
month = {April}
}

