%%% Title:    Bibtex References for DSBG Stats & Methods
%%% Author:   Kyle M. Lang
%%% Created:  2017-AUG-30
%%% Modified: 2018-OCT-17

%% Articles

@article{breiman:2001,
title = {{Statistical modeling: The two cultures (with comments and a rejoinder
                  by the author)}},
author = {Breiman, Leo},
journal = {Statistical Science},
volume = {16},
number = {3},
pages = {199--231},
year = {2001},
publisher = {Institute of Mathematical Statistics}
}

@article{langWu:2017,
author = {Kyle M. Lang and Wei Wu},
title = {A Comparison of Methods for Creating Multiple Imputations of Nominal Variables},
journal = {Multivariate Behavioral Research},
volume = {52},
number = {3},
pages = {290-304},
year = {2017},
publisher = {Routledge},
doi = {10.1080/00273171.2017.1289360}
}

@article{little:1988,
author = {Roderick J. A. Little},
title = {Missing-Data Adjustments in Large Surveys},
journal = {Journal of Business \& Economic Statistics},
volume = {6},
number = {3},
pages = {287--296},
year = {1988},
publisher = {Taylor \& Francis},
doi = {10.1080/07350015.1988.10509663}
}

@article{longTrivedi:1993,
author = {J. Scott Long and Pravin K. Trivedi},
title = {Some Specification Tests for the Linear Regression Model},
journal = {Sociological Methods \& Research},
volume = {21},
number = {2},
pages = {161--204},
year = {1993},
doi = {10.1177/0049124192021002003}
}

@article{maronna:1976,
author = "Maronna, Ricardo Antonio",
doi = "10.1214/aos/1176343347",
journal = "The Annals of Statistics",
number = "1",
pages = "51--67",
publisher = "The Institute of Mathematical Statistics",
title = "Robust $M$-Estimators of Multivariate Location and Scatter",
volume = "4",
year = "1976"
}

@article{wuEtAl:2015,
author = {Wei Wu and Fan Jia and Craig Enders},
title = {A Comparison of Imputation Strategies for Ordinal Missing Data on Likert Scale Variables},
journal = {Multivariate Behavioral Research},
volume = {50},
number = {5},
pages = {484-503},
year = {2015},
publisher = {Routledge},
doi = {10.1080/00273171.2015.1022644}
}

%% Chapters

@incollection{rousseeuw:1985,
author = {Rousseeuw, P. J.},
editor = {W. Grossmann and G. Pflug and I. Vincze and W. Wertz},
booktitle = {Mathematical statistics and applications},
title = {Multivariate estimation with high breakdown point},
publisher = {Reidel},
year = {1985},
volume = {B},
address = {Netherlands},
pages = {283--297}
}
 

%% Books

@book{o'neilSchutt:2014,
title = {Doing data science: {Straight} talk from the frontline},
author = {O'Neil, Cathy and Schutt, Rachel},
year = {2014},
publisher = {O'Reilly Media, Inc.},
address = {Sebastopol, CA}
}

@book{tukey:1977,
title = {Exploratory data analysis},
author = {Tukey, John W},
volume = {2},
year = {1977},
publisher = {Addison--Wesley},
address = {Reading, MA}
}