lang0007@solisDebianGuest.5434:1643028204