%%% Title:    Bibtex References for IDS
%%% Author:   Kyle M. Lang
%%% Created:  2017-AUG-30
%%% Modified: 2018-APR-07

@article{breiman:2001,
title = {{Statistical modeling: The two cultures (with comments and a rejoinder
                  by the author)}},
author = {Breiman, Leo},
journal = {Statistical Science},
volume = {16},
number = {3},
pages = {199--231},
year = {2001},
publisher = {Institute of Mathematical Statistics}
}

@book{tukey:1977,
title = {Exploratory data analysis},
author = {Tukey, John W},
volume = {2},
year = {1977},
publisher = {Addison--Wesley},
address = {Reading, MA}
}