%%% Title:    Bibtex References for Winter School Courses
%%% Author:   Kyle M. Lang
%%% Created:  2017-08-30
%%% Modified: 2021-01-24

%%-Articles-------------------------------------------------------------------%%

@article{breiman:2001,
title = {{Statistical modeling: The two cultures (with comments and a rejoinder
                  by the author)}},
author = {Breiman, Leo},
journal = {Statistical Science},
volume = {16},
number = {3},
pages = {199--231},
year = {2001},
publisher = {Institute of Mathematical Statistics}
}

@article{harel:2009,
  title={The estimation of $R^2$ and adjusted $R^2$ in incomplete data sets using multiple imputation},
  author={Harel, Ofer},
  journal={Journal of Applied Statistics},
  volume={36},
  number={10},
  pages={1109--1118},
  year={2009},
  publisher={Taylor \& Francis},
  doi={http://doi.org/10.1080/02664760802553000}
}

@article{langWu:2017,
author = {Kyle M. Lang and Wei Wu},
title = {A Comparison of Methods for Creating Multiple Imputations of Nominal Variables},
journal = {Multivariate Behavioral Research},
volume = {52},
number = {3},
pages = {290-304},
year = {2017},
publisher = {Routledge},
doi = {http://doi.org/10.1080/00273171.2017.1289360}
}

@article{little:1988,
author = {Roderick J. A. Little},
title = {Missing-Data Adjustments in Large Surveys},
journal = {Journal of Business \& Economic Statistics},
volume = {6},
number = {3},
pages = {287--296},
year = {1988},
publisher = {Taylor \& Francis},
doi = {http://doi.org/10.1080/07350015.1988.10509663}
}

@article{littleSchluchter:1985,
title = {Maximum likelihood estimation for mixed continuous and categorical variables with missing values},
author = {Little, R. J. A. and Schluchter, M. D.},
journal = {Biometrika},
volume = {72},
pages = {497--512},
year = {1985}
}

@article{longTrivedi:1993,
author = {J. Scott Long and Pravin K. Trivedi},
title = {Some Specification Tests for the Linear Regression Model},
journal = {Sociological Methods \& Research},
volume = {21},
number = {2},
pages = {161--204},
year = {1993},
doi = {http://doi.org/10.1177/0049124192021002003}
}

@article{maronna:1976,
author = "Maronna, Ricardo Antonio",
doi = "10.1214/aos/1176343347",
journal = "The Annals of Statistics",
number = "1",
pages = "51--67",
publisher = "The Institute of Mathematical Statistics",
title = "Robust $M$-Estimators of Multivariate Location and Scatter",
volume = "4",
year = "1976"
}

@article{marshallEtAl:2009,
author = {Marshall, Andrea and Altman, Douglas G. and Holder, Roger L. and Royston, Patrick},
year = {2009},
title = {Combining estimates of interest in prognostic modelling studies after multiple imputation: {Current} practice and guidelines},
journal = {BMC Medical Research Methodology},
volume = {9},
number = {57},
doi = {http://doi.org/10.1186/1471-2288-9-57},
abstract = {
Multiple imputation (MI) provides an effective approach to handle missing
covariate data within prognostic modelling studies, as it can properly account
for the missing data uncertainty. The multiply imputed datasets are each
analysed using standard prognostic modelling techniques to obtain the estimates
of interest. The estimates from each imputed dataset are then combined into one
overall estimate and variance, incorporating both the within and between
imputation variability. Rubin's rules for combining these multiply imputed
estimates are based on asymptotic theory. The resulting combined estimates may
be more accurate if the posterior distribution of the population parameter of
interest is better approximated by the normal distribution. However, the
normality assumption may not be appropriate for all the parameters of interest
when analysing prognostic modelling studies, such as predicted survival
probabilities and model performance measures.
}
}

@article{rubin:1981,
title = {The bayesian bootstrap},
author = {Rubin, Donald B},
journal = {The annals of statistics},
volume = {9},
number = {1},
pages = {130--134},
year = {1981}
}

@article{rubin:1986,
title = {Statistical matching using file concatenation with adjusted weights and multiple
                  imputations},
author = {Rubin, Donald B.},
journal = {Journal of Business \& Economic Statistics},
volume = {4},
number = {1},
pages = {87--94},
year = {1986}
}

@article{rubin:1996,
title = {Multiple imputation after 18+ years},
author = {Rubin, Donald B},
journal = {Journal of the American Statistical Association},
volume = {91},
number = {434},
pages = {473--489},
year = {1996}
}

@article{tannerWong:1987,
title = {The calculation of posterior distributions by data augmentation},
author = {Tanner, Martin A. and Wong, Wing Hung},
journal = {Journal of the American Statistical Association},
volume = {82},
number = {398},
pages = {528--540},
year = {1987}
}

@article{vanBuurenEtAl:2006,
title={Fully conditional specification in multivarite imputation},
author={Van Buuren, Stef and Brand, J. P. L. and Groothuis-Oudshoorn, C. G. M. and Rubin, D. B.},
journal={Journal of Statistical Computation and Simulation},
year={2006},
volume={76},
number={12},
pages={1049--1064}
}

@article{vonHippel:2007,
title = {Regression with missing {Ys}: An improved strategy for analyzing multiply imputed data},
author = {Von Hippel, Paul T.},
journal = {Sociological Methodology},
volume = {37},
number = {1},
pages = {83--117},
year = {2007}
}

@article{vonHippel:2009,
title={How to impute interactions, squares, and other transformed variables},
author={Von Hippel, Paul T.},
journal={Sociological Methodology},
volume={39},
number={1},
pages={265--291},
year={2009}
}

@article{woodEtAl:2015,
  title={The estimation and use of predictions for the assessment of model performance using large samples with multiply imputed data},
  author={Wood, Angela M and Royston, Patrick and White, Ian R},
  journal={Biometrical Journal},
  volume={57},
  number={4},
  pages={614--632},
  year={2015},
  publisher={Wiley Online Library},
  doi={http://doi.org/10.1002/bimj.201400004}
}

@article{wuEtAl:2015,
author = {Wei Wu and Fan Jia and Craig Enders},
title = {A Comparison of Imputation Strategies for Ordinal Missing Data on Likert Scale Variables},
journal = {Multivariate Behavioral Research},
volume = {50},
number = {5},
pages = {484-503},
year = {2015},
publisher = {Routledge},
doi = {http://doi.org/10.1080/00273171.2015.1022644}
}

%%-Chapters-------------------------------------------------------------------%%

@incollection{rousseeuw:1985,
author = {Rousseeuw, P. J.},
editor = {W. Grossmann and G. Pflug and I. Vincze and W. Wertz},
booktitle = {Mathematical statistics and applications},
title = {Multivariate estimation with high breakdown point},
publisher = {Reidel},
year = {1985},
volume = {B},
address = {Netherlands},
pages = {283--297}
}
 

%%-Books----------------------------------------------------------------------%%

@book{agresti:2013,
  title={Categorical data analysis},
  author={Agresti, Alan},
  edition={3},
  year={2013},
  publisher={John Wiley \& Sons},
  address={Hoboken, NJ}
}

@book{allison:2002,
author = {Allison, Paul D.},
title = {Missing Data},
year = {2002},
publisher = {Sage Publictions},
address = {Thousand Oaks, CA}
}

@book{enders:2010,
title = {Applied missing data analysis},
author = {Enders, C. K.},
year = {2010},
publisher = {The Guilford Press},
address = {New York, NY}
}

@book{graham:2012,
author = {Graham, John. W.},
title = {Missing Data: Analysis and Design},
year = {2012},
publisher = {Springer},
address = {New York, NY},
doi = {http://doi.org/10.1007/978-1-4614-4018-5}
}

@book{littleRubin:2002,
title = {Statistical analysis with missing data},
author = {{Little}, R. J. A. and Rubin, D. B.},
edition = {2},
year = {2002},
publisher = {Wiley-Interscience},
address = {Hoboken, NJ}
}

@book{littleRubin:2020,
title = {Statistical analysis with missing data},
author = {{Little}, R. J. A. and Rubin, D. B.},
edition = {3},
year = {2002},
publisher = {Wiley-Interscience},
address = {Hoboken, NJ}
}

@book{o'neilSchutt:2014,
title = {Doing data science: {Straight} talk from the frontline},
author = {O'Neil, Cathy and Schutt, Rachel},
year = {2014},
publisher = {O'Reilly Media, Inc.},
address = {Sebastopol, CA}
}

@book{tukey:1977,
title = {Exploratory data analysis},
author = {Tukey, John W},
volume = {2},
year = {1977},
publisher = {Addison--Wesley},
address = {Reading, MA}
}

@book{rubin:1987,
title = {Multiple imputation for nonresponse in surveys},
author = {Rubin, D. B.},
volume = {519},
year = {1987},
publisher = {John Wiley \& Sons},
address = {New York, NY}
}

@book{schafer:1997,
title={Analysis of incomplete multivariate data},
author={Schafer, J. L.},
volume={72},
year={1997},
publisher={Chapman \& Hall/{CRC}},
address = {Boca Raton, FL}
}

@book{vanBuuren:2012,
author = {van Buuren, Stef},
title = {Flexible Imputation of Missing Data},
year = {2012},
publisher = {{CRC} Press},
address = {Boca Raton, FL},
doi = {http://doi.org/10.1201/b11826}
}

@book{vanBuuren:2018,
author = {van Buuren, Stef},
title = {Flexible Imputation of Missing Data},
year = {2018},
edition = {2},
publisher = {{CRC} Press},
address = {Boca Raton, FL}
}

%%-Software-------------------------------------------------------------------%%

@article{amelia,
title = {{Amelia II}: {A} Program for Missing Data},
author = {James Honaker and Gary King and Matthew Blackwell},
journal = {Journal of Statistical Software},
year = {2011},
volume = {45},
number = {7},
pages = {1--47},
url = {https://www.jstatsoft.org/v45/i07/},
}

@article{mi,
title = {Multiple imputation with diagnostics (mi) in R: opening windows into the black box},
author = {Su, Yu-Sung and Yajima, Masanao and Gelman, Andrew E and Hill, Jennifer},
journal = {Journal of Statistical Software},
volume = {45},
number = {2},
pages = {1--31},
year = {2011}
}

@article{mice,
title = {{mice}: Multivariate Imputation by Chained Equations in {R}},
author = {Van Buuren, Stef and Groothuis-Oudshoorn, Karin},
journal = {Journal of Statistical Software},
year = {2011},
volume = {45},
number = {3},
pages = {1--67}
}

@manual{mix,
title = {{mix}: {Estimation}/Multiple Imputation for Mixed Categorical and Continuous Data},
author = {Joseph L. Schafer},
year = {2017},
note = {R package version 1.0-10},
url = {https://CRAN.R-project.org/package=mix}
}

@manual{norm,
title = {{norm}: {Analysis} of multivariate normal datasets with missing values},
author = {Joseph L. Schafer},
year = {2013},
note = {R package version 1.0-9.5, Ported to R by Alvaro A. Novo},
url = {https://CRAN.R-project.org/package=norm}
}

@manual{R,
title = {R: A Language and Environment for Statistical Computing},
author = {{R Core Team}},
organization = {R Foundation for Statistical Computing},
address = {Vienna, Austria},
year = {2022},
url = {http://www.R-project.org/}
}
